<record><leader>00000cas a2200000 a 4500</leader><controlfield tag="001">13748544</controlfield><controlfield tag="008">860619d18931996okudn ne      0   a0eng d</controlfield><datafield ind1=" " ind2=" " tag="010"><subfield code="a">sn 86063952 </subfield></datafield><datafield ind1=" " ind2=" " tag="040"><subfield code="a">KSH</subfield><subfield code="b">eng</subfield><subfield code="c">KSH</subfield><subfield code="d">NPT</subfield><subfield code="d">KNP</subfield><subfield code="d">NSD</subfield><subfield code="d">OBN</subfield><subfield code="d">CRL</subfield><subfield code="d">OCLCQ</subfield><subfield code="d">DLC</subfield><subfield code="d">OCLCF</subfield></datafield><datafield ind1=" " ind2=" " tag="012"><subfield code="j">0</subfield><subfield code="m">d</subfield></datafield><datafield ind1="1" ind2=" " tag="022"><subfield code="a">1090-3208</subfield><subfield code="l">1090-3208</subfield><subfield code="2">1</subfield></datafield><datafield ind1="1" ind2=" " tag="029"><subfield code="a">AU@</subfield><subfield code="b">000022299508</subfield></datafield><datafield ind1=" " ind2=" " tag="042"><subfield code="a">msc</subfield><subfield code="a">nsdp</subfield></datafield><datafield ind1=" " ind2=" " tag="043"><subfield code="a">n-us-ok</subfield></datafield><datafield ind1="0" ind2="0" tag="050"><subfield code="a">Newspaper</subfield></datafield><datafield ind1="1" ind2="0" tag="082"><subfield code="a">070</subfield><subfield code="2">14</subfield></datafield><datafield ind1=" " ind2="4" tag="222"><subfield code="a">The Guthrie daily leader</subfield></datafield><datafield ind1="0" ind2="4" tag="245"><subfield code="a">The Guthrie daily leader.</subfield></datafield><datafield ind1="3" ind2=" " tag="246"><subfield code="a">Leader</subfield></datafield><datafield ind1=" " ind2=" " tag="260"><subfield code="a">Guthrie, Okla. :</subfield><subfield code="b">Roy Hoffman</subfield></datafield><datafield ind1=" " ind2=" " tag="300"><subfield code="a">v.</subfield></datafield><datafield ind1=" " ind2=" " tag="310"><subfield code="a">Daily (except Sun.)</subfield></datafield><datafield ind1="0" ind2=" " tag="362"><subfield code="a">Vol. 1, no. 235 (Sept. 3, 1893)-v. 103, no. 273 (Nov. 1, 1996).</subfield></datafield><datafield ind1=" " ind2=" " tag="530"><subfield code="a">Also issued on microfilm from Oklahoma Historical Society.</subfield></datafield><datafield ind1=" " ind2=" " tag="530"><subfield code="a">Archived issues are available in digital format as part of the Library of Congress Chronicling America online collection.</subfield></datafield><datafield ind1=" " ind2=" " tag="588"><subfield code="a">Latest issue consulted: Vol. 103, no. 190 (July 9, 1996).</subfield></datafield><datafield ind1=" " ind2="0" tag="651"><subfield code="a">Guthrie (Okla.)</subfield><subfield code="v">Newspapers.</subfield></datafield><datafield ind1=" " ind2="0" tag="651"><subfield code="a">Logan County (Okla.)</subfield><subfield code="v">Newspapers.</subfield></datafield><datafield ind1=" " ind2="7" tag="655"><subfield code="a">Newspapers.</subfield><subfield code="2">fast</subfield><subfield code="0">(OCoLC)fst01423814</subfield></datafield><datafield ind1=" " ind2="7" tag="651"><subfield code="a">Oklahoma</subfield><subfield code="z">Guthrie.</subfield><subfield code="2">fast</subfield><subfield code="0">(OCoLC)fst01220328</subfield></datafield><datafield ind1=" " ind2="7" tag="651"><subfield code="a">Oklahoma</subfield><subfield code="z">Logan County.</subfield><subfield code="2">fast</subfield><subfield code="0">(OCoLC)fst01205715</subfield></datafield><datafield ind1=" " ind2=" " tag="752"><subfield code="a">United States</subfield><subfield code="b">Oklahoma</subfield><subfield code="c">Logan</subfield><subfield code="d">Guthrie.</subfield></datafield><datafield ind1="0" ind2=" " tag="775"><subfield code="t">County reporter (Guthrie, Okla.)</subfield><subfield code="w">(DLC)sn 97064942</subfield><subfield code="w">(OCoLC)37136398</subfield></datafield><datafield ind1="1" ind2=" " tag="776"><subfield code="t">Guthrie daily leader (Online)</subfield><subfield code="x">2169-5709</subfield><subfield code="w">(DLC)  2012203869</subfield><subfield code="w">(OCoLC)732734532</subfield></datafield><datafield ind1="0" ind2="0" tag="780"><subfield code="t">Daily leader (Guthrie, Okla.)</subfield><subfield code="w">(DLC)sn 97064941</subfield><subfield code="w">(OCoLC)37136336</subfield></datafield><datafield ind1="0" ind2="5" tag="780"><subfield code="t">Oklahoma State capital (Guthrie, Okla. : Daily)</subfield><subfield code="w">(DLC)sn 85042309</subfield><subfield code="w">(OCoLC)112109322</subfield></datafield><datafield ind1="0" ind2="5" tag="780"><subfield code="t">Weekly Oklahoma State capital (Guthrie, Okla. : 1893)</subfield><subfield code="w">(DLC)sn 86064192</subfield><subfield code="w">(OCoLC)13771094</subfield></datafield><datafield ind1="0" ind2="7" tag="785"><subfield code="t">Logan County news (Crescent, Okla.</subfield><subfield code="w">(DLC)sn 86063924</subfield><subfield code="w">(OCoLC)13663931</subfield></datafield><datafield ind1="0" ind2="7" tag="785"><subfield code="t">Guthrie news leader</subfield><subfield code="w">(DLC)sn 96006719</subfield><subfield code="w">(OCoLC)36023096</subfield></datafield><datafield ind1="4" ind2="1" tag="856"><subfield code="u">http://www.loc.gov/chroniclingamerica/lccn/sn86063952/issues</subfield></datafield></record>